@article{locatello2018boosting,
  title={Boosting Black Box Variational Inference},
  author={Locatello, Francesco and Dresdner, Gideon and Khanna, Rajiv and Valera, Isabel and R{\"a}tsch, Gunnar},
  journal={arXiv preprint arXiv:1806.02185},
  year={2018}
}

@article{blei2016variational,
  title={Variational Inference: A Review for Statisticians},
  author={Blei, David M and Kucukelbir, Alp and McAuliffe, Jon D},
  journal={arXiv preprint arXiv:1601.00670},
  year={2016}
}

@misc{math-stat16,
  author        = {Balabdaoui,Fadoua and van de Geer, Sara},
  title         = {Fundamentals of Mathematical Statistics},
  year          = {2016},
  publisher={ETH Z{\"u}rich}
}

@misc{pgmai18,
  author        = {Stefan Bauer},
  title         = {Probabilistic Graphical Models for Image Analysis},
  month         = {October},
  year          = {2018},
  publisher={ETH Z{\"u}rich}
}

@misc{pml18,
  author        = {Jalil Taghia, Lawrence Murray and Thomas Sch√∂n},
  title         = {Probabilistic Machine Learning},
  year          = {2018},
  publisher={Uppsala University, Sweden}
}

@inproceedings{jaggi2013revisiting,
  title={Revisiting Frank-Wolfe: Projection-Free Sparse Convex Optimization.},
  author={Jaggi, Martin},
  booktitle={ICML (1)},
  pages={427--435},
  year={2013}
}

@MISC{pedregosa2018frank,
   author =       "Pedregosa, Fabian",
   title =        "Notes on the Frank-Wolfe Algorithm, Part I",
   month =        "March",
   year =         "2018",
   url =          "\url{http://fa.bianp.net/blog/2018/notes-on-the-frank-wolfe-algorithm-part-i/}",
   note =         "[Online; posted 21-March-2018]",
 }

@article{pedregosa2018step,
  title={Step-Size Adaptivity in Projection-Free Optimization},
  author={Pedregosa, Fabian and Askari, Armin and Negiar, Geoffrey and Jaggi, Martin},
  journal={arXiv preprint arXiv:1806.05123},
  year={2018}
}

@article{hoffman2013stochastic,
  title={Stochastic variational inference},
  author={Hoffman, Matthew D and Blei, David M and Wang, Chong and Paisley, John},
  journal={The Journal of Machine Learning Research},
  volume={14},
  number={1},
  pages={1303--1347},
  year={2013},
  publisher={JMLR. org}
}

@incollection{robbins1985stochastic,
  title={A stochastic approximation method},
  author={Robbins, Herbert and Monro, Sutton},
  booktitle={Herbert Robbins Selected Papers},
  pages={102--109},
  year={1985},
  publisher={Springer}
}

@article{robbins1951stochastic,
  title={A Stochastic Approximation Method},
  author={Robbins, Herbert and Monro, Sutton},
  journal={The Annals of Mathematical Statistics},
  volume={22},
  number={3},
  pages={400--407},
  year={1951}
}

@article{kingma2013auto,
  title={Auto-encoding variational bayes},
  author={Kingma, Diederik P and Welling, Max},
  journal={arXiv preprint arXiv:1312.6114},
  year={2013}
}

@inproceedings{rezende2014stochastic,
  title={Stochastic Backpropagation and Approximate Inference in Deep Generative Models},
  author={Rezende, Danilo Jimenez and Mohamed, Shakir and Wierstra, Daan},
  booktitle={International Conference on Machine Learning},
  pages={1278--1286},
  year={2014}
}

@inproceedings{ranganath2014black,
  title={Black box variational inference},
  author={Ranganath, Rajesh and Gerrish, Sean and Blei, David},
  booktitle={Artificial Intelligence and Statistics},
  pages={814--822},
  year={2014}
}

@inproceedings{ranganath2016hierarchical,
  title={Hierarchical variational models},
  author={Ranganath, Rajesh and Tran, Dustin and Blei, David},
  booktitle={International Conference on Machine Learning},
  pages={324--333},
  year={2016}
}

@inproceedings{titsias2014doubly,
  title={Doubly stochastic variational Bayes for non-conjugate inference},
  author={Titsias, Michalis and L{\'a}zaro-Gredilla, Miguel},
  booktitle={International Conference on Machine Learning},
  pages={1971--1979},
  year={2014}
}

@article{Demyanov70,
  doi = {10.1002/zamm.19730530723},
  url = {https://doi.org/10.1002/zamm.19730530723},
  year  = {1970},
  publisher = {American Elsevier Publishing Company},
  author = {V. F. Demyanov and A. M. Rubinov},
  title = {Approximate Methods in Optimization Problems},
  journal = {(Modern Analytic and Computational Methods in Science and Mathematics. IX}
}

@article{kucukelbir2017automatic,
  title={Automatic differentiation variational inference},
  author={Kucukelbir, Alp and Tran, Dustin and Ranganath, Rajesh and Gelman, Andrew and Blei, David M},
  journal={The Journal of Machine Learning Research},
  volume={18},
  number={1},
  pages={430--474},
  year={2017},
  publisher={JMLR. org}
}

@article{guo2016boosting,
  title={Boosting variational inference},
  author={Guo, Fangjian and Wang, Xiangyu and Fan, Kai and Broderick, Tamara and Dunson, David B},
  journal={arXiv preprint arXiv:1611.05559},
  year={2016}
}

@article{locatello2017boosting,
  title={Boosting variational inference: an optimization perspective},
  author={Locatello, Francesco and Khanna, Rajiv and Ghosh, Joydeep and R{\"a}tsch, Gunnar},
  journal={arXiv preprint arXiv:1708.01733},
  year={2017}
}
